<record xmlns="http://www.loc.gov/MARC21/slim" xmlns:xsi="http://www.w3.org/2001/XMLSchema-instance" xsi:schemaLocation="http://www.loc.gov/MARC21/slim http://www.loc.gov/standards/marcxml/schema/MARC21slim.xsd"><leader>01579nam a2200325   4500</leader><controlfield tag="001">001685939</controlfield><controlfield tag="003">NNU</controlfield><controlfield tag="006">m        d        </controlfield><controlfield tag="007">cr cn |||m|||a</controlfield><controlfield tag="008">150110s1955    ua      ob    000 0 ara d</controlfield><datafield ind1=" " ind2=" " tag="040"><subfield code="a">NNU</subfield><subfield code="b">eng</subfield><subfield code="c">NNU</subfield></datafield><datafield ind1=" " ind2=" " tag="066"><subfield code="c">(3</subfield></datafield><datafield ind1=" " ind2=" " tag="090"><subfield code="a">PJ6074</subfield><subfield code="b">.J3</subfield></datafield><datafield ind1="1" ind2=" " tag="100"><subfield code="6">880-01</subfield><subfield code="a">Jaw&#257;d, Mu&#7779;&#7789;af&#225;.</subfield></datafield><datafield ind1="1" ind2="3" tag="245"><subfield code="6">880-02</subfield><subfield code="a">al-Mab&#257;&#7717;ith al-lughaw&#299;yah f&#299; al-&#699;Ir&#257;q</subfield><subfield code="h">[electronic resource] /</subfield><subfield code="c">mu&#7717;&#257;&#7693;ar&#257;t alq&#257;h&#257; Mu&#7779;&#7789;af&#225; Jaw&#257;d.</subfield></datafield><datafield ind1=" " ind2=" " tag="260"><subfield code="6">880-03</subfield><subfield code="a">[Cairo] :</subfield><subfield code="b">J&#257;mi&#699;at al-Duwal al-&#699;Arab&#299;yah, Ma&#699;had al-Dir&#257;s&#257;t al-&#699;Arab&#299;yah al-&#699;&#256;l&#299;yah,</subfield><subfield code="c">1955.</subfield></datafield><datafield ind1=" " ind2=" " tag="300"><subfield code="a">online resource (136 p.)</subfield></datafield><datafield ind1=" " ind2=" " tag="500"><subfield code="a">Part of the Arabic Collections Online (ACO) project, contributed by New York Univeristy Libraries.</subfield></datafield><datafield ind1=" " ind2=" " tag="504"><subfield code="a">Includes bibliographical references.</subfield></datafield><datafield ind1=" " ind2=" " tag="533"><subfield code="a">Electronic reproduction.</subfield><subfield code="b">New York, N.Y. :</subfield><subfield code="c">New York University,</subfield><subfield code="d">2015.</subfield><subfield code="5">NNU</subfield></datafield><datafield ind1=" " ind2="0" tag="650"><subfield code="a">Arabic language.</subfield></datafield><datafield ind1="2" ind2=" " tag="710"><subfield code="a">New York University.</subfield><subfield code="b">Libraries.</subfield></datafield><datafield ind1="0" ind2=" " tag="730"><subfield code="a">Arabic Collections Online.</subfield></datafield><datafield ind1="0" ind2="8" tag="776"><subfield code="i">Print version:</subfield><subfield code="a">Jaw&#257;d, Mu&#7779;&#7789;af&#225;.</subfield><subfield code="t">al-Mab&#257;&#7717;ith al-lughaw&#299;yah f&#299; al-&#699;Ir&#257;q</subfield><subfield code="w">(NNU)001685939</subfield></datafield><datafield ind1="4" ind2="0" tag="856"><subfield code="u">http://hdl.handle.net/2333.1/q2bvq9xb</subfield></datafield><datafield ind1="1" ind2=" " tag="880"><subfield code="6">100-01/</subfield><subfield code="a">&#1580;&#1608;&#1575;&#1583;&#1548; &#1605;&#1589;&#1591;&#1601;&#1609;.</subfield></datafield><datafield ind1="1" ind2="3" tag="880"><subfield code="6">245-02/</subfield><subfield code="a">&#1575;&#1604;&#1605;&#1576;&#1575;&#1581;&#1579; &#1575;&#1604;&#1604;&#1594;&#1608;&#1610;&#1577; &#1601;&#1609; &#1575;&#1604;&#1593;&#1585;&#1575;&#1602; /</subfield><subfield code="c">&#1605;&#1581;&#1575;&#1590;&#1585;&#1575;&#1578; &#1571;&#1604;&#1602;&#1575;&#1607;&#1575;&#1605;&#1589;&#1591;&#1601;&#1609; &#1580;&#1608;&#1575;&#1583;.</subfield></datafield><datafield ind1=" " ind2=" " tag="880"><subfield code="6">260-03/</subfield><subfield code="a">[&#1575;&#1604;&#1602;&#1575;&#1607;&#1585;&#1577;] :</subfield><subfield code="b">&#1580;&#1575;&#1605;&#1593;&#1577; &#1575;&#1604;&#1584;&#1608;&#1604; &#1575;&#1604;&#1593;&#1585;&#1576;&#1610;&#1577;&#1548; &#1605;&#1593;&#1607;&#1583; &#1575;&#1604;&#1583;&#1585;&#1575;&#1587;&#1575;&#1578; &#1575;&#1604;&#1593;&#1585;&#1576;&#1610;&#1577; &#1575;&#1604;&#1593;&#1575;&#1604;&#1610;&#1577;&#1548;</subfield><subfield code="c">&#1633;&#1641;&#1637;&#1637;.</subfield></datafield><datafield ind1=" " ind2=" " tag="959"><subfield code="a">NNU</subfield><subfield code="b">WEB</subfield><subfield code="c">GENI</subfield><subfield code="t">0</subfield><subfield code="m">Electronic access</subfield><subfield code="s">01</subfield></datafield><datafield ind1=" " ind2=" " tag="999"><subfield code="i">NNU_001685939</subfield><subfield code="o" /></datafield></record>